@misc{ apiblueprint,
 title = "API Blueprint - API Documentation with powerful tooling",
 note  = "\url{https://apiblueprint.org/}",
}
@misc{ aglio,
 title = "An API Blueprint renderer with theme support that outputs static HTML",
 note  = "\url{https://github.com/danielgtaylor/aglio}",
}
@misc{ json-schema,
 title = "JSON Schema and Hyper-Schema",
 note = "\url{http://json-schema.org/}",
}
@misc { restapitutorial,
 title = "REST API Tutorial",
 note = "\url{http://www.restapitutorial.com/}"
}
